
% My ref
@article {bianchi2022convergence,
	AUTHOR = {Bianchi, Pascal and Hachem, Walid and Schechtman, Sholom},
	TITLE = {Convergence of constant step stochastic gradient descent for
	non-smooth non-convex functions},
	JOURNAL = {Set-Valued Var. Anal.},
	FJOURNAL = {Set-Valued and Variational Analysis. Theory and Applications},
	VOLUME = {30},
	YEAR = {2022},
	NUMBER = {3},
	PAGES = {1117--1147},
	ISSN = {1877-0533,1877-0541},
	MRCLASS = {65K10 (34A60 49J52 90C15)},
	MRNUMBER = {4455163},
	MRREVIEWER = {Yekini\ Shehu},
	DOI = {10.1007/s11228-022-00638-z},
	URL = {https://doi.org/10.1007/s11228-022-00638-z},
}


@article {DeSterck:2021,
	AUTHOR = {De Sterck, Hans and Falgout, Robert D. and Friedhoff,
	Stephanie and Krzysik, Oliver A. and MacLachlan, Scott P.},
	TITLE = {Optimizing multigrid reduction-in-time and parareal
	coarse-grid operators for linear advection},
	JOURNAL = {Numer. Linear Algebra Appl.},
	FJOURNAL = {Numerical Linear Algebra with Applications},
	VOLUME = {28},
	YEAR = {2021},
	NUMBER = {4},
	PAGES = {Paper No. e2367, 22},
	ISSN = {1070-5325},
	MRCLASS = {65M20 (65L06 65M22 65Y05)},
	MRNUMBER = {4284091},
	MRREVIEWER = {Daniel R. Reynolds},
	DOI = {10.1002/nla.2367},
	URL = {https://doi-org.ezproxy.lb.polyu.edu.hk/10.1002/nla.2367},
}

@article {Mathew:2010,
	AUTHOR = {Mathew, Tarek P. and Sarkis, Marcus and Schaerer, Christian
	E.},
	TITLE = {Analysis of block parareal preconditioners for parabolic
	optimal control problems},
	JOURNAL = {SIAM J. Sci. Comput.},
	FJOURNAL = {SIAM Journal on Scientific Computing},
	VOLUME = {32},
	YEAR = {2010},
	NUMBER = {3},
	PAGES = {1180--1200},
	ISSN = {1064-8275},
	MRCLASS = {49M25 (65F08)},
	MRNUMBER = {2639234},
	MRREVIEWER = {Daniel Wachsmuth},
	DOI = {10.1137/080717481},
	URL = {https://doi.org/10.1137/080717481},
}

@article {Wu:IMA2015,
	AUTHOR = {Wu, Shu-Lin},
	TITLE = {Convergence analysis of some second-order parareal algorithms},
	JOURNAL = {IMA J. Numer. Anal.},
	FJOURNAL = {IMA Journal of Numerical Analysis},
	VOLUME = {35},
	YEAR = {2015},
	NUMBER = {3},
	PAGES = {1315--1341},
	ISSN = {0272-4979},
	MRCLASS = {65L05 (65M60 65Y05)},
	MRNUMBER = {3407263},
	MRREVIEWER = {S. Hitotumatu},
	DOI = {10.1093/imanum/dru031},
	URL = {https://doi.org/10.1093/imanum/dru031},
}


@article {FriedhoffSouthworth:2021,
	AUTHOR = {Friedhoff, Stephanie and Southworth, Ben S.},
	TITLE = {On ``optimal'' {$h$}-independent convergence of parareal and
	multigrid-reduction-in-time using {R}unge-{K}utta time
	integration},
	JOURNAL = {Numer. Linear Algebra Appl.},
	FJOURNAL = {Numerical Linear Algebra with Applications},
	VOLUME = {28},
	YEAR = {2021},
	NUMBER = {3},
	PAGES = {Paper No. e2301, 30},
	ISSN = {1070-5325},
	MRCLASS = {65L06 (65L20 65Y05)},
	MRNUMBER = {4242247},
	MRREVIEWER = {Bernhard A. Schmitt},
	DOI = {10.1002/nla.2301},
	URL = {https://doi.org/10.1002/nla.2301},
}

@article {Southworth:2019,
	AUTHOR = {Southworth, Ben S.},
	TITLE = {Necessary conditions and tight two-level convergence bounds
	for parareal and multigrid reduction in time},
	JOURNAL = {SIAM J. Matrix Anal. Appl.},
	FJOURNAL = {SIAM Journal on Matrix Analysis and Applications},
	VOLUME = {40},
	YEAR = {2019},
	NUMBER = {2},
	PAGES = {564--608},
	ISSN = {0895-4798},
	MRCLASS = {65F10 (15B05 65M12 65M55 65Y05)},
	MRNUMBER = {3948240},
	DOI = {10.1137/18M1226208},
	URL = {https://doi.org/10.1137/18M1226208},
}


@article {GanderVandewalle:2007,
	AUTHOR = {Gander, Martin J. and Vandewalle, Stefan},
	TITLE = {Analysis of the parareal time-parallel time-integration
	method},
	JOURNAL = {SIAM J. Sci. Comput.},
	FJOURNAL = {SIAM Journal on Scientific Computing},
	VOLUME = {29},
	YEAR = {2007},
	NUMBER = {2},
	PAGES = {556--578},
	ISSN = {1064-8275,1095-7197},
	MRCLASS = {65R20 (65L20)},
	MRNUMBER = {2306258},
	MRREVIEWER = {Neide\ Bertoldi\ Franco},
	DOI = {10.1137/05064607X},
	URL = {https://doi.org/10.1137/05064607X},
}

@book {Golub:2013,
	AUTHOR = {Golub, Gene H. and Van Loan, Charles F.},
	TITLE = {Matrix computations},
	EDITION = {Fourth},
	PUBLISHER = {Johns Hopkins University Press, Baltimore, MD},
	YEAR = {2013},
	PAGES = {xiv+756},
	ISBN = {978-1-4214-0794-4; 1-4214-0794-9; 978-1-4214-0859-0},
	MRCLASS = {65-02 (65Fxx)},
	MRNUMBER = {3024913},
	MRREVIEWER = {J\"{o}rg\ Liesen},
}

@article {AgbohDogar:2020,
	AUTHOR = {Agboh, Wisdom and Grainger, Oliver and Ruprecht, Daniel and
	Dogar, Mehmet},
	TITLE = {Parareal with a learned coarse model for robotic manipulation},
	JOURNAL = {Comput. Vis. Sci.},
	FJOURNAL = {Computing and Visualization in Science},
	VOLUME = {23},
	YEAR = {2020},
	NUMBER = {1-4},
	PAGES = {Paper No. 8, 10},
	ISSN = {1432-9360,1433-0369},
	MRCLASS = {65L05 (65Y15 70E60)},
	MRNUMBER = {4153302},
	DOI = {10.1007/s00791-020-00327-0},
	URL = {https://doi.org/10.1007/s00791-020-00327-0},
}
@article {ArielKim:2016,
	AUTHOR = {Ariel, Gil and Kim, Seong Jun and Tsai, Richard},
	TITLE = {Parareal multiscale methods for highly oscillatory dynamical
	systems},
	JOURNAL = {SIAM J. Sci. Comput.},
	FJOURNAL = {SIAM Journal on Scientific Computing},
	VOLUME = {38},
	YEAR = {2016},
	NUMBER = {6},
	PAGES = {A3540--A3564},
	ISSN = {1064-8275,1095-7197},
	MRCLASS = {65L05 (37N30 65Y05)},
	MRNUMBER = {3569557},
	MRREVIEWER = {Gabriela\ Schranz-Kirlinger},
	DOI = {10.1137/15M1011044},
	URL = {https://doi.org/10.1137/15M1011044},
}

@article {Engblom:2009,
	AUTHOR = {Engblom, Stefan},
	TITLE = {Parallel in time simulation of multiscale stochastic chemical
	kinetics},
	JOURNAL = {Multiscale Model. Simul.},
	FJOURNAL = {Multiscale Modeling \& Simulation. A SIAM Interdisciplinary
	Journal},
	VOLUME = {8},
	YEAR = {2009},
	NUMBER = {1},
	PAGES = {46--68},
	ISSN = {1540-3459,1540-3467},
	MRCLASS = {65C30 (60H35 60J22 60J75 65Y05)},
	MRNUMBER = {2575044},
	MRREVIEWER = {Gon\c{c}alo\ Dos Reis},
	DOI = {10.1137/080733723},
	URL = {https://doi.org/10.1137/080733723},
}

@article {NguyenTsai:2023,
	AUTHOR = {Nguyen, Hieu and Tsai, Richard},
	TITLE = {Numerical wave propagation aided by deep learning},
	JOURNAL = {J. Comput. Phys.},
	FJOURNAL = {Journal of Computational Physics},
	VOLUME = {475},
	YEAR = {2023},
	PAGES = {Paper No. 111828, 26},
	ISSN = {0021-9991,1090-2716},
	MRCLASS = {65M55 (68T07)},
	MRNUMBER = {4527068},
	DOI = {10.1016/j.jcp.2022.111828},
	URL = {https://doi.org/10.1016/j.jcp.2022.111828},
}

@book {Yosida:1995,
	AUTHOR = {Yosida, K\B{o}saku},
	TITLE = {Functional analysis},
	PUBLISHER = {Springer-Verlag, Berlin},
	YEAR = {1995},
	PAGES = {xii+501},
	ISBN = {3-540-58654-7},
	MRCLASS = {46-01 (47-01)},
	MRNUMBER = {1336382},
	DOI = {10.1007/978-3-642-61859-8},
	URL = {https://doi.org/10.1007/978-3-642-61859-8},
}

@article {brenner1982single,
	AUTHOR = {Brenner, Philip and Crouzeix, Michel and Thom\'{e}e, Vidar},
	TITLE = {Single-step methods for inhomogeneous linear differential
	equations in {B}anach space},
	JOURNAL = {RAIRO Anal. Num\'{e}r.},
	FJOURNAL = {RAIRO Analyse Num\'{e}rique},
	VOLUME = {16},
	YEAR = {1982},
	NUMBER = {1},
	PAGES = {5--26},
	ISSN = {0399-0516,0516-2777},
	MRCLASS = {65N10 (34G10)},
	MRNUMBER = {648742},
}

@book{luenberger1984linear,
	AUTHOR = {Luenberger, David G. and Ye, Yinyu},
	TITLE = {Linear and nonlinear programming},
	EDITION = {Third},
	PUBLISHER = {Springer, New York},
	YEAR = {2008},
	PAGES = {xiv+546},
	ISBN = {978-0-387-74502-2},
	MRCLASS = {90-01 (49-01)},
	MRNUMBER = {2423726},
}

@book{kelley1999iterative,
	title={Iterative methods for optimization},
	author={Kelley, Carl T},
	year={1999},
	publisher={SIAM}
}

@article{yang2021robust,
	AUTHOR = {Yang, Jiang and Yuan, Zhaoming and Zhou, Zhi},
	TITLE = {Robust convergence of parareal algorithms with arbitrarily
	high-order fine propagators},
	JOURNAL = {CSIAM Trans. Appl. Math.},
	FJOURNAL = {CSIAM Transactions on Applied Mathematics},
	VOLUME = {4},
	YEAR = {2023},
	NUMBER = {3},
	PAGES = {566--591},
	ISSN = {2708-0560,2708-0579},
	MRCLASS = {65M12},
	MRNUMBER = {4587689},
}

@article{kingma2014adam,
	title={Adam: A method for stochastic optimization},
	author={Kingma, Diederik P and Ba, Jimmy},
	journal={arXiv preprint arXiv:1412.6980},
	year={2014}
}

@article{liu1989limited,
	title={On the limited memory BFGS method for large scale optimization},
	author={Liu, Dong C and Nocedal, Jorge},
	journal={Mathematical programming},
	volume={45},
	number={1-3},
	pages={503--528},
	year={1989},
	publisher={Springer}
}

@book{evans2022partial,
	AUTHOR = {Evans, Lawrence C.},
	TITLE = {Partial differential equations},
	EDITION = {Second},
	PUBLISHER = {AMS, Providence, RI},
	YEAR = {2010},
	PAGES = {xxii+749},
	ISBN = {978-0-8218-4974-3},
	MRCLASS = {35-01},
	MRNUMBER = {2597943},
	MRREVIEWER = {Diego\ M.\ Maldonado},
	DOI = {10.1090/gsm/019},
	URL = {https://doi.org/10.1090/gsm/019},
}

@book{thomee2007galerkin,
	AUTHOR = {Thom\'{e}e, Vidar},
	TITLE = {Galerkin finite element methods for parabolic problems},
	EDITION = {Second},
	PUBLISHER = {Springer-Verlag, Berlin},
	YEAR = {2006},
	PAGES = {xii+370},
	ISBN = {978-3-540-33121-6; 3-540-33121-2},
	MRCLASS = {65-02 (65M15 65M60)},
	MRNUMBER = {2249024},
}

@book{isaacson2012analysis,
	AUTHOR = {Isaacson, Eugene and Keller, Herbert Bishop},
	TITLE = {Analysis of numerical methods},
	PUBLISHER = {John Wiley \& Sons, Inc., New York-London-Sydney},
	YEAR = {1966},
	PAGES = {xv+541},
	MRCLASS = {65.00},
	MRNUMBER = {201039},
	MRREVIEWER = {A.\ S.\ Householder},
}

@book{wanner1996solving,
	AUTHOR = {Hairer, E. and Wanner, G.},
	TITLE = {Solving ordinary differential equations. {II}},
	EDITION = {Second},
	PUBLISHER = {Springer-Verlag, Berlin},
	YEAR = {1996},
	PAGES = {xvi+614},
	ISBN = {3-540-60452-9},
	MRCLASS = {65-02 (34A09 34A45 65-01 65Lxx)},
	MRNUMBER = {1439506},
	DOI = {10.1007/978-3-642-05221-7},
	URL = {https://doi.org/10.1007/978-3-642-05221-7},
}

@article{HAIRER199993,
	AUTHOR = {Hairer, Ernst and Wanner, Gerhard},
	TITLE = {Stiff differential equations solved by {R}adau methods},
	JOURNAL = {J. Comput. Appl. Math.},
	FJOURNAL = {Journal of Computational and Applied Mathematics},
	VOLUME = {111},
	YEAR = {1999},
	NUMBER = {1-2},
	PAGES = {93--111},
	ISSN = {0377-0427,1879-1778},
	MRCLASS = {65L06},
	MRNUMBER = {1730588},
	DOI = {10.1016/S0377-0427(99)00134-X},
	URL = {https://doi.org/10.1016/S0377-0427(99)00134-X},
}

@article {McLeanSloanThomee:2006,
	AUTHOR = {McLean, William and Sloan, Ian H. and Thom\'{e}e, Vidar},
	TITLE = {Time discretization via {L}aplace transformation of an
	integro-differential equation of parabolic type},
	JOURNAL = {Numer. Math.},
	FJOURNAL = {Numerische Mathematik},
	VOLUME = {102},
	YEAR = {2006},
	NUMBER = {3},
	PAGES = {497--522},
	ISSN = {0029-599X},
	MRCLASS = {65R20 (44A10 45K05 65D32)},
	MRNUMBER = {2207270},
	MRREVIEWER = {Ezio Venturino},
	DOI = {10.1007/s00211-005-0657-7},
	URL = {https://doi.org/10.1007/s00211-005-0657-7},
}

@incollection {Bal:2005,
	AUTHOR = {Bal, Guillaume},
	TITLE = {On the convergence and the stability of the parareal algorithm
	to solve partial differential equations},
	BOOKTITLE = {Domain decomposition methods in science and engineering},
	SERIES = {Lect. Notes Comput. Sci. Eng.},
	VOLUME = {40},
	PAGES = {425--432},
	PUBLISHER = {Springer, Berlin},
	YEAR = {2005},
	MRCLASS = {65M12},
	MRNUMBER = {2235769},
	DOI = {10.1007/3-540-26825-1_43},
	URL = {https://doi.org/10.1007/3-540-26825-1_43},
}

@article {WuZhou:2015,
	AUTHOR = {Wu, Shu-Lin and Zhou, Tao},
	TITLE = {Convergence analysis for three parareal solvers},
	JOURNAL = {SIAM J. Sci. Comput.},
	FJOURNAL = {SIAM Journal on Scientific Computing},
	VOLUME = {37},
	YEAR = {2015},
	NUMBER = {2},
	PAGES = {A970--A992},
	ISSN = {1064-8275,1095-7197},
	MRCLASS = {65L05 (65L20 65M20 65Y05 68Q60)},
	MRNUMBER = {3338002},
	MRREVIEWER = {Philip\ W.\ Sharp},
	DOI = {10.1137/140970756},
	URL = {https://doi.org/10.1137/140970756},
}

@article {Bar-Sina:2019,
	AUTHOR = {Bar-Sinai, Yohai and Hoyer, Stephan and Hickey, Jason and
	Brenner, Michael P.},
	TITLE = {Learning data-driven discretizations for partial differential
	equations},
	JOURNAL = {Proc. Natl. Acad. Sci. USA},
	FJOURNAL = {Proceedings of the National Academy of Sciences of the United
	States of America},
	VOLUME = {116},
	YEAR = {2019},
	NUMBER = {31},
	PAGES = {15344--15349},
	ISSN = {0027-8424,1091-6490},
	MRCLASS = {65M99},
	MRNUMBER = {3991095},
	DOI = {10.1073/pnas.1814058116},
	URL = {https://doi.org/10.1073/pnas.1814058116},
}

@article{AllenCahn:1972,
	author = {Allen, S. M.; Cahn, J. W.},
	title = {Ground state structures in ordered binary alloys with second neighbor interactions},
	journal = {Acta Metall.},
	year = {1972},
	volume = {20},
	number = {3}, 
	pages = {423--433}, 
}

@inproceedings{YallaEngquist:2018,
	author = {Yalla, Gopal R. and Engquist, Bjorn},
	title = {Parallel in time algorithms for multiscale dynamical systems using interpolation and neural networks},
	booktitle = {HPC '18: Proceedings of the High Performance Computing Symposium},
	year = {2018},
	pages = {9, 1--12},
}

@inproceedings{GreenfeldKimmel:2019,
	author = {Greenfeld, D and Galun, M.  and  Basri, R. and Yavneh, I.  and Kimmel, R.},
	title = { Learning to optimize multigrid {PDE} solvers},
	booktitle = {Proceedings of the International Conference on Machine Learning},
	year = {2019},
	pages = {2415--2423},
}

@article {HuangLiXi:2023,
	AUTHOR = {Huang, Ru and Li, Ruipeng and Xi, Yuanzhe},
	TITLE = {Learning optimal multigrid smoothers via neural networks},
	JOURNAL = {SIAM J. Sci. Comput.},
	FJOURNAL = {SIAM Journal on Scientific Computing},
	VOLUME = {45},
	YEAR = {2023},
	NUMBER = {3},
	PAGES = {S199--S225},
	ISSN = {1064-8275,1095-7197},
	MRCLASS = {65M55 (15A60 65F08 65F10)},
	MRNUMBER = {4608255},
	DOI = {10.1137/21M1430030},
	URL = {https://doi.org/10.1137/21M1430030},
}

@article {Mishra:2019,
	AUTHOR = {Mishra, Siddhartha},
	TITLE = {A machine learning framework for data driven acceleration of
	computations of differential equations},
	JOURNAL = {Math. Eng.},
	FJOURNAL = {Mathematics in Engineering},
	VOLUME = {1},
	YEAR = {2019},
	NUMBER = {1},
	PAGES = {118--146},
	ISSN = {2640-3501},
	MRCLASS = {65M99 (65L99 68T05)},
	MRNUMBER = {4135071},
	DOI = {10.3934/Mine.2018.1.118},
	URL = {https://doi.org/10.3934/Mine.2018.1.118},
}

@article {GuoLi:2022,
	AUTHOR = {Guo, Yue and Dietrich, Felix and Bertalan, Tom and Doncevic,
	Danimir T. and Dahmen, Manuel and Kevrekidis, Ioannis G. and
	Li, Qianxiao},
	TITLE = {Personalized algorithm generation: a case study in learning
	{ODE} integrators},
	JOURNAL = {SIAM J. Sci. Comput.},
	FJOURNAL = {SIAM Journal on Scientific Computing},
	VOLUME = {44},
	YEAR = {2022},
	NUMBER = {4},
	PAGES = {A1911--A1933},
	ISSN = {1064-8275,1095-7197},
	MRCLASS = {65L06 (65L05 68T07)},
	MRNUMBER = {4448834},
	DOI = {10.1137/21M1418629},
	URL = {https://doi.org/10.1137/21M1418629},
}

@inproceedings{IbrahimRuprecht:2023,
	author = {Ibrahim, Abdul Qadir 
	and G\"{o}tschel, Sebastian and  Ruprecht, Daniel},
	title = {Parareal with a physics-informed neural network as coarse propagator},
	year = {2023},
	booktitle = {Euro-Par 2023: Parallel Processing},
	editor = {Cano, Jos\'{e} and  Dikaiakos, Marios D. and  Papadopoulos, George A. and Peric\'{a}s, Miquel  and Sakellariou, Rizos},
	pages = {649--663},
}

@article {PagesPironneau:2016,
	AUTHOR = {Pag\`es, Gilles and Pironneau, Olivier and Sall, Guillaume},
	TITLE = {The parareal algorithm for {A}merican options},
	JOURNAL = {C. R. Math. Acad. Sci. Paris},
	FJOURNAL = {Comptes Rendus Math\'{e}matique. Acad\'{e}mie des Sciences.
	Paris},
	VOLUME = {354},
	YEAR = {2016},
	NUMBER = {11},
	PAGES = {1132--1138},
	ISSN = {1631-073X,1778-3569},
	MRCLASS = {65C05 (65M75 65Y05 91G20 91G60)},
	MRNUMBER = {3566516},
	DOI = {10.1016/j.crma.2016.09.010},
	URL = {https://doi.org/10.1016/j.crma.2016.09.010},
}

@incollection {BalMaday:2002,
	AUTHOR = {Bal, Guillaume and Maday, Yvon},
	TITLE = {A ``parareal'' time discretization for non-linear {PDE}'s with
	application to the pricing of an {A}merican put},
	BOOKTITLE = {Recent developments in domain decomposition methods
	({Z}\"{u}rich, 2001)},
	SERIES = {Lect. Notes Comput. Sci. Eng.},
	VOLUME = {23},
	PAGES = {189--202},
	PUBLISHER = {Springer, Berlin},
	YEAR = {2002},
	ISBN = {3-540-43413-5},
	MRCLASS = {65M06 (91B28)},
	MRNUMBER = {1962689},
	DOI = {10.1007/978-3-642-56118-4\_12},
	URL = {https://doi.org/10.1007/978-3-642-56118-4_12},
}

@article {BrehierWang:2020,
	AUTHOR = {Brehier, Charles-Edouard and Wang, Xu},
	TITLE = {On parareal algorithms for semilinear parabolic stochastic
	{PDE}s},
	JOURNAL = {SIAM J. Numer. Anal.},
	FJOURNAL = {SIAM Journal on Numerical Analysis},
	VOLUME = {58},
	YEAR = {2020},
	NUMBER = {1},
	PAGES = {254--278},
	ISSN = {0036-1429,1095-7170},
	MRCLASS = {65M12 (60H15 60H35)},
	MRNUMBER = {4049401},
	MRREVIEWER = {Marco\ P.\ Cabral},
	DOI = {10.1137/19M1251011},
	URL = {https://doi.org/10.1137/19M1251011},
}

@article {XuHesthaven:2015,
	AUTHOR = {Xu, Qinwu and Hesthaven, Jan S. and Chen, Feng},
	TITLE = {A parareal method for time-fractional differential equations},
	JOURNAL = {J. Comput. Phys.},
	FJOURNAL = {Journal of Computational Physics},
	VOLUME = {293},
	YEAR = {2015},
	PAGES = {173--183},
	ISSN = {0021-9991,1090-2716},
	MRCLASS = {65L05 (34A08 65L20 65L60 65Y05)},
	MRNUMBER = {3342465},
	MRREVIEWER = {Duygu\ D\"{o}nmez Demir},
	DOI = {10.1016/j.jcp.2014.11.034},
	URL = {https://doi.org/10.1016/j.jcp.2014.11.034},
}

@article {LiHu:2021,
	AUTHOR = {Li, Guanglian and Hu, Jiuhua},
	TITLE = {Wavelet-based edge multiscale parareal algorithm for parabolic
	equations with heterogeneous coefficients and rough initial
	data},
	JOURNAL = {J. Comput. Phys.},
	FJOURNAL = {Journal of Computational Physics},
	VOLUME = {444},
	YEAR = {2021},
	PAGES = {10572, 18},
	ISSN = {0021-9991,1090-2716},
	MRCLASS = {65M60 (65M12 65T60 65Y05)},
	MRNUMBER = {4293717},
	DOI = {10.1016/j.jcp.2021.110572},
	URL = {https://doi.org/10.1016/j.jcp.2021.110572},
}

@article {LionsMadayTurinici:2001,
	AUTHOR = {Lions, Jacques-Louis and Maday, Yvon and Turinici, Gabriel},
	TITLE = {R\'{e}solution d'{EDP} par un sch\'{e}ma en temps
	``parar\'{e}el''},
	JOURNAL = {C. R. Acad. Sci. Paris S\'{e}r. I Math.},
	FJOURNAL = {Comptes Rendus de l'Acad\'{e}mie des Sciences. S\'{e}rie I.
	Math\'{e}matique},
	VOLUME = {332},
	YEAR = {2001},
	NUMBER = {7},
	PAGES = {661--668},
	ISSN = {0764-4442},
	MRCLASS = {65M06 (65M20 65Y05)},
	MRNUMBER = {1842465},
	MRREVIEWER = {Dennis\ C.\ Jespersen},
	DOI = {10.1016/S0764-4442(00)01793-6},
	URL = {https://doi.org/10.1016/S0764-4442(00)01793-6},
}
@inproceedings{scaman2022convergence,
	title={Convergence rates of non-convex stochastic gradient descent under a generic {L}ojasiewicz condition and local smoothness},
	author={Scaman, Kevin and Malherbe, Cedric and Dos Santos, Ludovic},
	booktitle={International Conference on Machine Learning},
	pages={19310--19327},
	year={2022},
	organization={PMLR}
}

@article{khaled2020better,
	title={Better theory for {SGD} in the nonconvex world},
	author={Khaled, Ahmed and Richt{\'a}rik, Peter},
	journal={Trans. Machine Learn. Res.},
	year={2023},
	url = {https://openreview.net/forum?id=AU4qHN2VkS}
}

@article{maday2020adaptive,
	AUTHOR = {Maday, Y. and Mula, O.},
	TITLE = {An adaptive parareal algorithm},
	JOURNAL = {J. Comput. Appl. Math.},
	FJOURNAL = {Journal of Computational and Applied Mathematics},
	VOLUME = {377},
	YEAR = {2020},
	PAGES = {112915, 18},
	ISSN = {0377-0427,1879-1778},
	MRCLASS = {65L05 (65L20 65L70 65Y05)},
	MRNUMBER = {4085220},
	DOI = {10.1016/j.cam.2020.112915},
	URL = {https://doi.org/10.1016/j.cam.2020.112915},
}

@incollection{gander201550,
	AUTHOR = {Gander, Martin J.},
	TITLE = {50 years of time parallel time integration},
	BOOKTITLE = {Multiple shooting and time domain decomposition methods},
	SERIES = {Contrib. Math. Comput. Sci.},
	VOLUME = {9},
	PAGES = {69--113},
	PUBLISHER = {Springer, Cham},
	YEAR = {2015},
	ISBN = {978-3-319-23320-8; 978-3-319-23321-5},
	MRCLASS = {65L05 (01A65 65-03 65Y05)},
	MRNUMBER = {3676210},
}

@phdthesis{ehle1969pade,
	title={On Pad{\'e} approximations to the exponential function and A-stable methods for the numerical solution of initial value problems},
	author={Ehle, Byron L},
	year={1969},
	school={University of Waterloo, Waterloo, Ontario}
}

@incollection{gander2020reynolds,
	AUTHOR = {Gander, Martin J. and Lunet, Thibaut},
	TITLE = {A {R}eynolds number dependent convergence estimate for the
	parareal algorithm},
	BOOKTITLE = {Domain decomposition methods in science and engineering {XXV}},
	SERIES = {Lect. Notes Comput. Sci. Eng.},
	VOLUME = {138},
	PAGES = {277--284},
	PUBLISHER = {Springer, Cham},
	YEAR = {2020},
	ISBN = {978-3-030-56750-7; 978-3-030-56749-1},
	MRCLASS = {65L05 (65M20 65Y05)},
	MRNUMBER = {4167565},
}

@article{goffin1977convergence,
	title={On convergence rates of subgradient optimization methods},
	author={Goffin, Jean-Louis},
	journal={Mathematical programming},
	volume={13},
	pages={329--347},
	year={1977},
	publisher={Springer}
}

@article{jin2023learning,
	title={Learning Coarse Propagators in Parareal Algorithm},
	author={Jin, Bangti and Lin, Qingle and Zhou, Zhi},
	journal={arXiv preprint arXiv:2311.15320},
	year={2023}
}
